%% This BibTeX bibliography file was created using BibDesk.
%% http://bibdesk.sourceforge.net/


%% Created for Nicholas Peacock at 2014-12-11 14:33:51 -0800 


%% Saved with string encoding Unicode (UTF-8) 



@inbook{UnmannedAerialAndGround,
	Chapter = {Unmanned Aerial and Ground Vehicle Teams: Recent Work and Open Problems},
	Date-Added = {2014-12-11 22:19:13 +0000},
	Date-Modified = {2014-12-11 22:26:39 +0000},
	Editor = {Kenzo Nonami, Muljowidodo Kartidjo, Kwang-Joon Yoon, Agus Budiyono},
	Pages = {21-34},
	Publisher = {Tokyo: Springer},
	Title = {Autonomous Control Systems and Vehicles},
	Year = {2013}}

@url{aa1car,
	Author = {aa1car},
	Date-Added = {2014-12-05 03:36:53 +0000},
	Date-Modified = {2014-12-05 04:05:58 +0000},
	Keywords = {Trafic},
	Lastchecked = {12/04/2014},
	Month = {December},
	Rating = {5},
	Read = {1},
	Title = {Auto Accidents Caused by Mechanical Failures},
	Url = {http://www.aa1car.com/library/auto_accident.htm},
	Urldate = {12/04/2014},
	Year = {2014},
	Bdsk-Url-1 = {http://www.aa1car.com/library/auto_accident.htm}}

@url{abcnews,
	Author = {ABC News},
	Date-Added = {2014-12-05 03:32:52 +0000},
	Date-Modified = {2014-12-05 04:04:54 +0000},
	Keywords = {Traffic},
	Lastchecked = {12/04/2014},
	Month = {December},
	Rating = {5},
	Read = {1},
	Title = {Poll: Traffic in the United States},
	Url = {http://abcnews.go.com/Technology/Traffic/story?id=485098},
	Urldate = {12/04/2014},
	Year = {2014},
	Bdsk-Url-1 = {http://abcnews.go.com/Technology/Traffic/story?id=485098}}
